
@article{schildbach14,
	author = "Schildbach, G.  and Fagiano, L.  and Frei, C. and Morari, M.",
	title = "The scenario approach for Stochastic Model Predictive Control with bounds on closed-loop constraint violations",
	year = "2014",
	journal = "Automatica", 
	volume = "50",
	pages = "3009-3018"
}

@Misc{MPCbook,
	author = "Borrelli, F. and Bemporad, A. and Morari, M.",
	title = "Predictive Control	for linear and hybrid systems",
	howpublished = "online resource",
	month = "March",
	year = "2014",
	note = "http://www.mpc.berkeley.edu/mpc-course-material"
}

@Misc{pendulum,
	title = "Control Tutorials for Matlab and Simulink",
	subtitle = "Inverted Pendulum: System Modeling",
	organization = "University of Michigan",
	url = "http://ctms.engin.umich.edu/CTMS/index.php?example=InvertedPendulum&section=SystemModeling",
	urldate = "02 Dec 2015",
}

@Article{schildbach13,
	author = "Schildbach, G. and Fagiano, L. and Morari, M.",
	title = "Randomized solutions to convex programs with multiple chance constraints",
	journal = "SIAM J. Optim.",
	year = "2013",
	volume = "23",
    number = "4",
	pages = "2479-2501"
}

@article{skafboyd,
	author = {Skaf, J. and Boyd, S.},
	title = {Design of Affine Controllers via Convex Optimization},
	journaltitle = {IEEE Trans. on Auto. Contr.},
	date = {Nov. 2010},
	OPTvolume = {55},
	OPTnumber = {11},
	OPTpages = {2476-2487}
}




